% -------- Zdroje faktů -------


% -------- Zdroje informací o simulacích -------