@BOOK{Pravidla,
      author =       "Zdeněk Hlavsa and others",
      title =        "{\it Pravidla českého pravopisu}",
      publisher =    "Academia",
      year =         "2005",
      isbn =         "80-200-1327-X",
    }
@MISC{Zadani, 
      author = "Jan Pluskal",
      title =  "Zadání projektu",
      url = "https://github.com/nesfit/ISA/blob/master/projects/MonitorovaniSite.md",
      note= "[Online; navštíveno 7. 11. 2017]"
}
@techreport{RFC1122,
  author = {Robert Braden},
  title = {Requirements for Internet Hosts - Communication Layers},
  howpublished = {Internet Requests for Comments},
  type = {STD},
  number = {3},
  year = {1989},
  month = {October},
  issn = {2070-1721},
  publisher = {RFC Editor},
  institution = {RFC Editor},
  url = {http://www.rfc-editor.org/rfc/rfc1122.txt},
  note = {\url{http://www.rfc-editor.org/rfc/rfc1122.txt}},
}
@techreport{RFC0826,
  author = {David C. Plummer},
  title = {Ethernet Address Resolution Protocol: Or converting network protocol addresses to 48.bit Ethernet address for transmission on Ethernet hardware},
  howpublished = {Internet Requests for Comments},
  type = {STD},
  number = {37},
  year = {1982},
  month = {November},
  issn = {2070-1721},
  publisher = {RFC Editor},
  institution = {RFC Editor},
  url = {http://www.rfc-editor.org/rfc/rfc826.txt},
  note = {\url{http://www.rfc-editor.org/rfc/rfc826.txt}},
}
@misc{ICMP_Dsiable, 
  title={Linux disable or drop / block ping packets all together},
  url={https://www.cyberciti.biz/faq/howto-drop-block-all-ping-packets/},
  journal={nixCraft}, 
  author={Gite, Vivek}, 
  year={2007}, 
  month={Jan},
  note = "[Online; navštíveno 7.11. 2017]"}
@techreport{RFC0792,
  author = {J. Postel},
  title = {Internet Control Message Protocol},
  howpublished = {Internet Requests for Comments},
  type = {STD},
  number = {5},
  year = {1981},
  month = {September},
  issn = {2070-1721},
  publisher = {RFC Editor},
  institution = {RFC Editor},
  url = {http://www.rfc-editor.org/rfc/rfc792.txt},
  note = {\url{http://www.rfc-editor.org/rfc/rfc792.txt}},
}
@techreport{RFC0793,
  author = {Jon Postel},
  title = {Transmission Control Protocol},
  howpublished = {Internet Requests for Comments},
  type = {STD},
  number = {7},
  year = {1981},
  month = {September},
  issn = {2070-1721},
  publisher = {RFC Editor},
  institution = {RFC Editor},
  url = {http://www.rfc-editor.org/rfc/rfc793.txt},
  note = {\url{http://www.rfc-editor.org/rfc/rfc793.txt}},
}
@techreport{RFC0768,
  author = {J. Postel},
  title = {User Datagram Protocol},
  howpublished = {Internet Requests for Comments},
  type = {STD},
  number = {6},
  year = {1980},
  month = {August},
  issn = {2070-1721},
  publisher = {RFC Editor},
  institution = {RFC Editor},
  url = {http://www.rfc-editor.org/rfc/rfc768.txt},
  note = {\url{http://www.rfc-editor.org/rfc/rfc768.txt}},
}
@misc{DesignPatternFactoryMethod,
  author = {Alexander Shvets},
  title = {Factory Method Design Pattern},
  url = {https://sourcemaking.com/design_patterns/factory_method},
  note = {Online, Navštíveno 11. 11. 2017}
}
@misc{DesignPatternIterator,
  author = {Alexander Shvets},
  title = {Iterator Design Pattern},
  url = {https://sourcemaking.com/design_patterns/iterator},
  note = {Online, Navštíveno 11. 11. 2017}
}
@misc{LibpcapReference,
  author = {Guy Harris},
  title = {Programming with pcap},
  url = {http://www.tcpdump.org/pcap.html},
  note = {Online, Navštíveno 11. 11. 2017}
}
@techreport{RFC4632,
  author = {V. Fuller and T. Li},
  title = {Classless Inter-domain Routing (CIDR): The Internet Address Assignment and Aggregation Plan},
  howpublished = {Internet Requests for Comments},
  type = {BCP},
  number = {122},
  year = {2006},
  month = {August},
  issn = {2070-1721},
  publisher = {RFC Editor},
  institution = {RFC Editor},
  url = {http://www.rfc-editor.org/rfc/rfc4632.txt},
  note = {\url{http://www.rfc-editor.org/rfc/rfc4632.txt}},
}
@misc{NmapPortScanning,
  title = {Port Scanning Techniques},
  url = {https://nmap.org/book/man-port-scanning-techniques.html},
  note = {Online, Navštíveno 11. 11. 2017}
}